@manual{anleitung,
  author = {TU Dortmund},
  title = {Versuchsanleitung zu Versuch Nr. 301 Leerlaufspannung und Innenwiderstand von Spannungsquellen},
  year = {2016},
}
