@manual{anleitung,
  author = {TU Dortmund},
  title = {Versuchsanleitung zu Versuch Nr. 61 Der HeNe-Laser},
  url = {http://129.217.224.2/HOMEPAGE/PHYSIKER/BACHELOR/FP/SKRIPT/V61.pdf},
  urldate = {2018-07-07},
}

@book{eichler,
  author = {Eichler, Hans Joachim and Eichler, J\"{u}rgen},
  title = {Laser},
  publisher = {Springer},
  year = {2015},
  edition = {8. Auflage},
}

% @book{demtroeder,
%     author = {Wolfgang Demtröder},
%     title = {Experimentalphysik 1},
%     subtitle = {Mechanik und Wärme},
%     publisher = {Springer},
%     year = {2015},
%     edition = {7},
% }

% @reference{Codata,
%     editor = {CODATA},
%     title = {Constants, Units and Uncertainty},
%     subtitle = {Loschmidt constant},
%     year = {2014},
%     url = {https://physics.nist.gov/cgi-bin/cuu/Value?n0},
%     urldate = {2018-05-01},
% }
