@manual{anleitung,
  author = {TU Dortmund},
  title = {Versuchsanleitung zu Versuch Nr. 46 Faraday-Effekt an Halbleitern},
  year = {2018},
  url = {http://129.217.224.2/HOMEPAGE/PHYSIKER/BACHELOR/FP/SKRIPT/V46.pdf},
  urldate = {2018-06-24},
}

@article{Nakwaski,
  title = "Effective masses of electrons and heavy holes in GaAs, InAs, A1As and their ternary compounds",
  journal = "Physica B: Condensed Matter",
  volume = "210",
  number = "1",
  pages = "1 - 25",
  year = "1995",
  issn = "0921-4526",
  doi = "https://doi.org/10.1016/0921-4526(94)00921-H",
  url = "http://www.sciencedirect.com/science/article/pii/092145269400921H",
  author = "Nakwaski, Włodzimierz"
}

% @book{demtroeder,
%     author = {Wolfgang Demtröder},
%     title = {Experimentalphysik 1},
%     subtitle = {Mechanik und Wärme},
%     publisher = {Springer},
%     year = {2015},
%     edition = {7},
% }

% @reference{Codata,
%     editor = {CODATA},
%     title = {Constants, Units and Uncertainty},
%     subtitle = {Loschmidt constant},
%     year = {2014},
%     url = {https://physics.nist.gov/cgi-bin/cuu/Value?n0},
%     urldate = {2018-05-01},
% }
