@manual{anleitung,
  author = {TU Dortmund},
  title = {Versuchsanleitung zu Versuch Nr. 47 Temperaturabhängigkeit der Molwärme von Festkörpern},
  year = {2016},
  url = {http://129.217.224.2/HOMEPAGE/PHYSIKER/BACHELOR/FP/SKRIPT/V47.pdf},
  urldate = {2018-05-01},
}

@reference{lenntech,
    editor = {Lenntech BV},
    title = {Periodensystem der Elemente},
    subtitle = {Kupfer},
    year = {2018},
    url = {https://www.lenntech.de/pse/elemente/cu.htm},
    urldate = {2018-05-01},
}

@book{demtroeder,
    author = {Wolfgang Demtröder},
    title = {Experimentalphysik 1},
    subtitle = {Mechanik und Wärme},
    publisher = {Springer},
    year = {2015},
    edition = {7},
}

@reference{webelements,
    editor = {Mark Winter},
    title = {WebElements},
    subtitle = {Copper: Physical Properties},
    year = {2017},
    url = {https://www.webelements.com/copper/physics.html},
    urldate = {2018-05-01},
}

@reference{Codata,
    editor = {CODATA},
    title = {Constants, Units and Uncertainty},
    subtitle = {Loschmidt constant},
    year = {2014},
    url = {https://physics.nist.gov/cgi-bin/cuu/Value?n0},
    urldate = {2018-05-01},
}

@reference{door,
    editor = {KnowledgeDoor LLC},
    title = {Debye Temperature of various elements},
    url = {http://www.knowledgedoor.com/2/elements_handbook/debye_temperature.html},
    urldate = {2018-05-03}
}
