@manual{anleitung,
  author = {TU Dortmund},
  title = {Versuchsanleitung zu Versuch Nr. 14 Tomographie mittels Gamma-Strahlung},
%  year = {2016},
  url = {http://129.217.224.2/HOMEPAGE/PHYSIKER/BACHELOR/FP/SKRIPT/BTomographie.pdf},
  urldate = {2018-05-07},
}

% @book{demtroeder,
%     author = {Wolfgang Demtröder},
%     title = {Experimentalphysik 1},
%     subtitle = {Mechanik und Wärme},
%     publisher = {Springer},
%     year = {2015},
%     edition = {7},
% }

% @reference{Codata,
%     editor = {CODATA},
%     title = {Constants, Units and Uncertainty},
%     subtitle = {Loschmidt constant},
%     year = {2014},
%     url = {https://physics.nist.gov/cgi-bin/cuu/Value?n0},
%     urldate = {2018-05-01},
% }

@manual{koeff,
  editor = {CODATA},
  title = {Photo cross section data},
  url = {http://physics.nist.gov/PhysRefData/Xcom/html/xcom1.html},
  urldate = {2018-04-26},
}
